<?xml version="1.0" encoding="UTF-8"?><collection><record><leader>06019ntm a2200589 a 4500</leader><controlfield tag="001">005233659</controlfield><controlfield tag="003">MiAaHDL</controlfield><controlfield tag="005">20190719000000.0</controlfield><controlfield tag="006">m        d        </controlfield><controlfield tag="007">cr bn ---auaua</controlfield><controlfield tag="008">060614s1568    |||           000 p per  </controlfield><datafield tag="035" ind1=" " ind2=" "><subfield code="a">(MiU)005233659</subfield></datafield><datafield tag="035" ind1=" " ind2=" "><subfield code="a">sdr-miu005233659</subfield></datafield><datafield tag="035" ind1=" " ind2=" "><subfield code="a">(OCoLC)81282234</subfield></datafield><datafield tag="035" ind1=" " ind2=" "><subfield code="a">(RLIN)MIUG06-B2570</subfield></datafield><datafield tag="040" ind1=" " ind2=" "><subfield code="a">MiU</subfield><subfield code="c">MiU</subfield></datafield><datafield tag="100" ind1="0" ind2=" "><subfield code="6">880-01</subfield><subfield code="a">Jāmī,</subfield><subfield code="d">1414-1492.</subfield></datafield><datafield tag="245" ind1="1" ind2="0"><subfield code="6">880-03</subfield><subfield code="a">Kitāb-i Tuhfat al-aḥrār,</subfield><subfield code="f">[975, i.e. 1568].</subfield></datafield><datafield tag="246" ind1="3" ind2=" "><subfield code="i">Title from inscriptions on front flyleaf:</subfield><subfield code="a">تحفة الاحرار</subfield></datafield><datafield tag="246" ind1="3" ind2=" "><subfield code="i">Title from spine label:</subfield><subfield code="a">تحفة الاحرار لمولانا جامى</subfield></datafield><datafield tag="260" ind1=" " ind2=" "><subfield code="c">[1568].</subfield></datafield><datafield tag="300" ind1=" " ind2=" "><subfield code="a">63 leaves ([128] p.) :</subfield><subfield code="b">paper ;</subfield><subfield code="c">227 x 123 (142 x 61) mm.</subfield></datafield><datafield tag="500" ind1=" " ind2=" "><subfield code="a">Origin: As appears in colophon on p.126, transcription completed 17 Shaʻbān 975 [ca. 16 February 1568]. Authorial colophon preceding scribal colophon (also on p.126) indicates that composition was completed in Ramaḍān (و اتمام انتظام اين نسخه در ماه تسبيح وشهر تراويح منتظم در سلك شهور سنه سته وثمانين وثمان مايه لا زال مباركا على فيه اتفاق افتاد) 886 [1481].</subfield></datafield><datafield tag="500" ind1=" " ind2=" "><subfield code="a">Accompanying materials: Scrap with line in pencil "ديوان شاه نقشبندى قدس سره" (paginated pp.32A-32B).</subfield></datafield><datafield tag="500" ind1=" " ind2=" "><subfield code="a">Binding: Pasteboards covered in dark brown leather ; Type III binding (without flap) ; doublures in marbled paper (mainly in pale orange and dark blue) ; upper and lower covers carry stamped and gold-painted mandorla (filled with assymetrical vegetal composition, compare Déroche class. OAi2 1) and pendants as well as gold-painted accents, tooled rosettes and tooled borders (single rule and series of s-shaped stamps) ; sewn in cream thread, two stations ; worked chevron endbands in pale green and brown, fair condition with some damage ; overall in somewhat poor condition with abrasion, lifting and losses of leather, losses at board corners, etc. ; repairs (rehinged) in pink paper.</subfield></datafield><datafield tag="500" ind1=" " ind2=" "><subfield code="a">Support: non-European (likely Persian) laid paper with 7-8 laid lines per cm. (vertical, curved and somewhat indistinct) and no chain lines clearly visible, well-burnished, dark cream in color ; staining and tide lines.</subfield></datafield><datafield tag="500" ind1=" " ind2=" "><subfield code="a">Decoration: Exquisite illuminated headpiece (ʻunwān / sarlawḥ) at opening on p.4 consisting of rectangular piece with gold cartouche (overlaid with delicate black vegetal designs) carrying title in white riqāʻ "کتاب تحفة الاحرار" set off by similar pendants and accent pieces in black and red on a lapis lazuli ground all covered with swirling vegetal designs in gold with red, yellow, and white floral accents, surrounded by a heavy band of gold interlace defined by red and white (with black crosses) and surmounted by a heavy band of black with further swirling vegetal designs, itself surmounted by a framed triangular piece or hasp in gold and lapis lazuli with similar swirling vegetal designs, all surmounted by vertical stalks (tīgh) in lapis lazuli ; headings and keywords rubricated ; written area surrounded by frame of gold with turquoise and blue rules.</subfield></datafield><datafield tag="500" ind1=" " ind2=" "><subfield code="a">Script: Text written in black nastaʻlīq script (contribution by D. Mancini-Lander).</subfield></datafield><datafield tag="500" ind1=" " ind2=" "><subfield code="a">Layout: Written in 15 lines per page ; frame-ruled.</subfield></datafield><datafield tag="500" ind1=" " ind2=" "><subfield code="a">Collation: i, 7 IV(56), IV-1 (63) ; exclusively quaternions ; catchwords present ; pagination in pencil, Western numerals, supplied during digitization (includes front flyleaf).</subfield></datafield><datafield tag="500" ind1=" " ind2=" "><subfield code="a">Colophon: "Scribal," triangular, mainly in Arabic, reads: "والحمد لله الكريم الجواد والصلوة على محمد وآله خير العباد وسلم تسليما كثيرا كثيرا فى تاريخ ١٧ شعبان المعظم سنه ٩٧٥ تم تم تم تم تم تم"</subfield></datafield><datafield tag="500" ind1=" " ind2=" "><subfield code="a">Explicit: "مهر نه خاتمۀ این خطاب شد رقم خاتم تم الکتاب "</subfield></datafield><datafield tag="500" ind1=" " ind2=" "><subfield code="a">Incipit: "حامدا لمن جعل جنان کل عارف مخزن اسرار كماله ولسان کل واضح مطلع انوار جماله ..."</subfield></datafield><datafield tag="500" ind1=" " ind2=" "><subfield code="a">Title from illuminated headpiece (ʻunwān / sarlawḥ) at opening.</subfield></datafield><datafield tag="500" ind1=" " ind2=" "><subfield code="a">Ms. codex.</subfield></datafield><datafield tag="510" ind1="4" ind2=" "><subfield code="a">Rypka,</subfield><subfield code="c">p. 286-8</subfield></datafield><datafield tag="510" ind1="4" ind2=" "><subfield code="a">Browne,</subfield><subfield code="c">v. iii, p. 515-16, 526-8</subfield></datafield><datafield tag="520" ind1=" " ind2=" "><subfield code="a">Tuhfat al-Aḥrār, composed in 886/1481, is the third of seven masnavīs (long poem in rhymed couplets) that make up Jāmī's Haft Awrang (Seven Thrones). This work is a didactic poem, presenting ethical and moral advice in twenty discourses, each accompanied by illustrative anecdotes. The final discourse offers counsel to the poet's own son (contribution by D. Mancini-Lander).</subfield></datafield><datafield tag="538" ind1=" " ind2=" "><subfield code="a">Mode of access: Internet.</subfield></datafield><datafield tag="541" ind1=" " ind2=" "><subfield code="c">Purchase ;</subfield><subfield code="a">Acquired by purchase (funds donated by Horace Rackham).</subfield><subfield code="d">1924.</subfield></datafield><datafield tag="545" ind1=" " ind2=" "><subfield code="a">Persian Ṣufī of the Naqshbandīyah order and famed poet as well as hagiographer. Closely allied with the Timurid court of Herat in the 15th century, particularly with his patron, the vizier, Mīr ʻAlī Shīr Navāʼī (contribution by D. Mancini-Lander).</subfield></datafield><datafield tag="546" ind1=" " ind2=" "><subfield code="a">Persian.</subfield></datafield><datafield tag="561" ind1=" " ind2=" "><subfield code="a">Effaced ownership statement on front flyleaf (p.1) ; ownership statement and octagonal seal impression (both mostly effaced) on 'title page' (p.3) ; scalloped almond-shaped seal impression in upper margin of incipit page (p.4).</subfield></datafield><datafield tag="650" ind1=" " ind2="0"><subfield code="a">Manuscripts, Persian</subfield><subfield code="z">Michigan</subfield><subfield code="z">Ann Arbor.</subfield></datafield><datafield tag="650" ind1=" " ind2="0"><subfield code="a">Sufi poetry, Persian</subfield><subfield code="v">Early works to 1800.</subfield></datafield><datafield tag="650" ind1=" " ind2="0"><subfield code="a">Masnavis, Persian</subfield><subfield code="v">Early works to 1800.</subfield></datafield><datafield tag="650" ind1=" " ind2="0"><subfield code="a">Persian poetry</subfield><subfield code="y">747-1500.</subfield></datafield><datafield tag="655" ind1=" " ind2="7"><subfield code="a">Headpieces (layout features)</subfield><subfield code="y">16th century.</subfield><subfield code="2">aat</subfield></datafield><datafield tag="700" ind1="0" ind2=" "><subfield code="a">Abdülhamid</subfield><subfield code="b">II,</subfield><subfield code="c">Sultan of the Turks,</subfield><subfield code="d">1842-1918,</subfield><subfield code="e">former owner.</subfield></datafield><datafield tag="773" ind1="0" ind2=" "><subfield code="a">Abdul Hamid Collection.</subfield></datafield><datafield tag="880" ind1="1" ind2="0"><subfield code="6">245-03/</subfield><subfield code="a">کتاب تحفة الاحرار,</subfield><subfield code="f">[975ه, 1568م].</subfield></datafield><datafield tag="880" ind1="0" ind2=" "><subfield code="6">100-01/</subfield><subfield code="a">جامي.</subfield></datafield><datafield tag="CID" ind1=" " ind2=" "><subfield code="a">005233659</subfield></datafield><datafield tag="DAT" ind1="0" ind2=" "><subfield code="a">20190719102633.0</subfield><subfield code="b">20190719000000.0</subfield></datafield><datafield tag="DAT" ind1="1" ind2=" "><subfield code="a">20190719090653.0</subfield><subfield code="b">2019-07-19T16:11:05Z</subfield></datafield><datafield tag="DAT" ind1="2" ind2=" "><subfield code="a">2015-10-02T18:00:03Z</subfield></datafield><datafield tag="CAT" ind1=" " ind2=" "><subfield code="a">SDR-MIU</subfield><subfield code="d">EX LIBRIS - ALEPH</subfield><subfield code="l">prepare.pl-004-008</subfield></datafield><datafield tag="FMT" ind1=" " ind2=" "><subfield code="a">BK</subfield></datafield><datafield tag="HOL" ind1=" " ind2=" "><subfield code="0">sdr-miu005233659</subfield><subfield code="a">MiU</subfield><subfield code="b">SDR</subfield><subfield code="c">MIU</subfield><subfield code="p">mdp.39015081446471</subfield><subfield code="s">MIU</subfield><subfield code="1">005233659</subfield></datafield><datafield tag="974" ind1=" " ind2=" "><subfield code="b">MIU</subfield><subfield code="c">MIU</subfield><subfield code="d">20190719</subfield><subfield code="s">lit-dlps-dc</subfield><subfield code="u">mdp.39015081446471</subfield><subfield code="y">1568</subfield><subfield code="r">pd</subfield><subfield code="q">bib</subfield><subfield code="t">non-US bib date1 &lt; 1896</subfield></datafield></record></collection>